Au% Matthias Schneider
% bibliography file
%

@online{eso:jupiter,
  author = {ESO},
  title = {Jupiter von der Erde aus gesehen mit adaptiver Optik},
  url = {https://www.eso.org/public/germany/images/eso0833a/},
  urldate = {2017-07-10},
}

@online{thor:hartmannplatte,
  author = {Thorlabs},
  title = {Hartmannplatte},
  url = {https://www.thorlabs.de/images/TabImages/Micro_Lens_Array_D1-950.gif},
  urldate = {2017-07-10},
}

@online{eso:leitstern,
  author = {ESO},
  title = {KÃ¼nstlicher Leitstern},
  url = {https://cdn.eso.org/images/publicationjpg/eso1613n.jpg},
  urldate = {2017-07-10},
}
