%
% bibliography file
%
@online{CMB_intro,
	title = {Cosmos - Cosmic Microwave Background},
	date = {2017-05-03},
	url = {http://astronomy.swin.edu.au/cosmos/C/Cosmic+Microwave+Background}
}
@online{radiation_scattering,
	title = {WMAP Big Bang CMB Test},
	date = {2017-05-03},
	url = {https://map.gsfc.nasa.gov/universe/bb_tests_cmb.html}
}
@thesis{SAPatzen,
	author = {Patzen, Hansruedi},
	title = {{Schnelle Algorithmen zur Berechnung sph√§rischer harmonischer 
	Koeffizienten}},
	type = {Studienarbeit},
	institution = {HSR},
	date = {2017-03-09},
	language = {german},
	eprint = {https://eprints.hsr.ch/id/eprint/567}
}
