@book{skript:ryden,
	author = {Barbara Ryden},
	title = {Introduction to Cosmology},
	year = {2003},
	publisher = {Pearson},
	language = {english}
}

@book{skript:landaulifschitz1,
	author = {Landau, L. D. and Lifschitz, E. M.},
	title = {Mechanik},
	series = {Lehrbuch der theoretischen Physik},
	volume = {1},
	publisher = {Akademie-Verlag},
	year = {1981},
	language = {german},
}

@book{skript:landaulifschitz3,
	author = {Landau, L. D. and Lifschitz, E. M.},
	title = {Quantenmechanik},
	series = {Lehrbuch der theoretischen Physik},
	volume = {3},
	publisher = {Akademie-Verlag},
	year = {1979},
	language = {german},
}

@online{skript:sdss,
	title = {Sloan Digital Sky Survey},
	year = 2017,
	url = {http://www.sdss.org/},
	urldate = {2017-05-02}
}

@online{skript:pentagon,
	title = {Pentagon},
	url = {http://en.wikipedia.org/wiki/Pentagon},
	urldate = {2015-02-03}
}

@online{skript:vektoranalysis,
	title = {Vektoranalysis},
	url = {http://de.wikipedia.org/wiki/Vektoranalysis},
	urldate = {2015-05-09}
}

@book{skript:evanspdgl,
	author = {Evans, Lawrence C.},
	title = {Partial Differential Equations},
	publisher = {American Mathematical Society},
	series = {Graduate Studies in Mathematics},
	volume = {19},
	year = {2010},
}

@book{skript:smirnow2,
	author = {Smirnow, W. I.},
	title = {Lehrgang der h"oheren Mathematik},
	edition = {14},
	volume = {II},
	year = {1979}
}

@book{skript:evans,
	author = {Evans, Lawrence C.},
	title = {An Introduction to Stochastic Differential Equations},
	year = {2013},
	publisher = {American Mathematical Society}
}

@book{skript:airy,
	author = {O. Vall\'ee and M. Soares},
	title = {Airy Functions and Applications to Physics},
	publisher = {Imperial College Press},
	edition = {2nd edition},
	year = {2010}
}

@book{skript:oksendal,
	author = {Bernt \O{}ksendal},
	title = {Stochastic Differential Equations},
	publisher = {Springer},
	series = {Universitext},
	edition = {6th edition},
	year = {2013}
}

@book{skript:hirsch,
	author = {M. W. Hirsch and S. Smale and R. L. Devaney},
	title = {Differential Equations, Dynamical Systems, and an Introduction to Chaos},
	publisher = {Academic Press},
	edition = {3rd edition},
	year = {2013}
}

@book{skript:filter,
	author = {B. Fristedt and N. Jain and N. Krylov},
	title = {Filtering and Prediction A Primer},
	publisher = {American Mathematical Society},
	series = {Student Mathematical Library},
	volume = {38},
	year = {2007},
}

@book{skript:wrstat,
	Author = {Andreas M"uller},
	title = {Wahrscheinlichkeitsrechnung und Statistik},
	note = {Skript zur Vorlesung},
	publisher = {HSR},
	year = {2015}
}

@book{skript:tabea,
	Author = {Tabea M\'endez},
	title = {Nichtkommutative Bildverarbeitung},
	note = {Mit einem Anhang von Andreas M\"uller},
	year = {2016},
}

@book{skript:callen,
	Author = {Herbert B. Callen},
	title = {Thermodynamics and an Introduction to Thermostatistics},
	year = {1985},
	edition = {2nd edition},
	publisher = {John Wiley \& Sons},
}

@article{skript:einstein,
	author = {Albert Einstein},
	title = {Zur Elektrodynamik bewegter Körper},
	journal = {Annalen der Physik und Chemie},
	volume = {17},
	pages = {891-921},
	year = 1905,
}

@online{skript:cmass,
	title = {Astronomers map a record-breaking 1.2 million galaxies to study the properties of dark energy},
	url = {http://www.sdss.org/press-releases/astronomers-map-a-record-breaking-1-2-million-galaxies-to-study-the-properties-of-dark-energy/},
	year = {2016},
	urldate = {2017-05-02}
}

@book{skript:feynman,
	author = {Richard P. Feynman},
	title = {Statistical Mechanis},
	subtitle = {A Set of Lectures},
	publisher = {Benjamin Cummings Publishing Company, Inc.},
	year = {1972},
	inseries = {Frontiers in Physics Lecture Note Series}
}

@book{skript:brandtdahmen,
	author = {Siegmund Brandt and Hans Dieter Dahmen},
	title = {Physik},
	subtitle = {Eine Einführung in Experiment und Theorie},
	volume = {2},
	note = {Elektrodynamik},
	year = {1980},
	publisher = {Springer Verlag},
	inseries = {Hochschultext}
}

@book{skript:mathsemdgl,
	author = {Andreas Müller et al},
	title = {Differentialgleichungen},
	inseries = {Mathematisches Seminar},
	year = {2016},
	publisher = {Hochschule Rapperswil}
}

@online{skript:cmbmultipoles,
	url = {https://inspirehep.net/record/1112228/plots},
	title = {Establishing homogeneity of the universe in the shadow of dark energy},
	author = {Chris Clarkson},
	year = {2012},
	urldate = {2017-07-13}
}

@online{skript:dipole,
	url = {https://scilogs.spektrum.de/einsteins-kosmos/wird-planck-unsere-sicht-auf-das-weltall-ver-ndern/},
	title = {Wird PLANCK unsere Sicht auf das Weltall ver\"andern?},
	author = {Andreas M\"uller},
	year = {2009},
	urldate = {2017-07-13}
}

