%
% bibliography file
%
@article{minimal:JournalAM, 
  author = {H.F. Scherk}, 
  title = {Bemerkungen über die kleinste Fläche innerhalb gegebener Grenzen}, 
  journal = {Journal für die reine und angewandte Mathematik}, 
  volume = {13}, 
  pages = {185-208}, 
  year = {1835} 
} 
 
 @book{minimal:LandauAndLifschitz, 
    title={Fluid Mechanics}, 
    author={Landau, L.D. and Lifshitz, E.M.}, 
    year={1987}, 
    publisher={Pergamon Press, Oxford}
}
 @book{minimal:MotionOfSurfaceByItsMeanCurvature, 
    title={The Motion of a Surface by Its Mean Curvature}, 
    author={Kenneth A. Brakke}, 
    year={1978}, 
    publisher={Princeton University Press}
}

@unpublished{minimal:Laplace,
	title={Derivation of the Laplace equation},
	author={Svein M. Skjæveland},
	year={2012},
	month={October},
	organization={UIS}
}

@book{minimal:ElementsOfMinimalSurfaces, 
    title={Elements of the Geometry and Topology of Minimal Surfaces in Three-Dimensional Space}, 
    author={Fomenko, A.T. and Tuzhilin, A.A.}, 
    year={2000}, 
    publisher={American Mathematical Society}, 
}
@online{minimal:SoapFilmAndMinimalSurface,
	title = {Soap Film and Minimal Surface},
	url = {https://mathematicalgarden.wordpress.com/2014/09/06/soap-film-and-minimal-surface/#more-2762},
	year = {2014},
	urldate = {2017-04-06}
}
@book{minimal:Gray,
	title={Modern Differential Geometry of Curves and Surfaces with Mathematica},
	author={A. Gray},
	chapter={Minimal Surfaces},
	pages={pp 681-734},
	edition={2nd},
	year={1997},
	publisher={CRC Press, Boca Raton, FL}
}

@book{minimal:Osserman,
	title={Mininmal surfaces},
	author={Robert Osserman},
	chapter={IV. The Minimal Surface Equation},
	series={Encyclopaedia of mathematical sciences, Geometry  5 },
	volume={90},
	pages={240},
	year={1997},
	publisher={Springer, Berlin}

}
@book{minimal:Spivak,
	title={A Comprehensive Introduction to Differential Geometry},
	volume={4},
	author={Michael Spivak},
	year={1999},
	edition={3rd},
	publisher={Perish}
}

@article{minimal:Eotvos,
	 author = {Roland Eötvös}, 
  	 title = {Ueber den Zusammenhang der Oberflächenspannung der Flüssigkeiten mit ihrem Molecularvolumen}, 
 	 journal = {Annalen der Physik}, 
 	 volume = {263}, 
 	 pages = {448–459}, 
  	year = {1886} 
} 