%
% bibliography file
%

@book{klima:meteorology,
	author = {Holten, James R.},
	title = {An Introduction to Dynamic Meteorology},
	edition = {Fourth Edition},
	Publisher = {Academic Press},
	year = {2004},
	isbn = {0-12-354015-1}
}

@book{klima:atmosphere,
	author = {Zdunkowski, Wilford and Bott, Andres},
	title = {Dynamics of the Atmosphere: A Course in Theoretical Meteorology},
	Publisher = {Cambridge University Press},
	year = {2003},
	isbn = {0521809495}
}

@book{klima:stroemung,
 	author = {Laurien, Eckart und Oertel, Herbert jr.},
 	title = {Numerische Strömungsmechanik: Grundgleichungen und Modelle},
 	publisher = {Vieweg+Teubner Verlag},
 	year = {2011},
 	isbn = {3834815039}
}

@book{klima:biography,
 	author = {Peter Lynch},
 	title = {The Emergence of Numerical Weather Prediction: Richardson's Dream},
 	publisher = {Cambridge University Press},
	year = {2006},
	isbn = {0521857295}
}

@online{klima:dwd,
	institution = {Bundesamt für Meteorologie und Klimatologie MeteoSchweiz},
	title = {Forschung und Entwicklung für die Wettervorhersage},
	date = {2017-06-28},
	url = {http://www.dwd.de/DE/forschung/forschung_node.html}
}

@online{klima:meteoschweiz,
	institution = {Bundesamt für Meteorologie und Klimatologie MeteoSchweiz},
	title = {Warn- und Prognosesysteme},
	date = {2017-06-28},
	url = {http://www.meteoschweiz.admin.ch/home/mess-und-prognosesysteme/warn-und-prognosesysteme.html}
}

@article{klima:tagi,
	author = {Martin Läubli},
	title = {Jede fünfte Warnung ist falsch},
	date = {13.06.2016},
	url = {http://www.tagesanzeiger.ch/schweiz/standard/Jede-fuenfte-Warnung-ist-falsch/story/31281265}
}


@article{klima:tagi,
	author = {Martin Läubli},
	title = {Die Schweiz ist besonders stark betroffen},
	date = {02.07.2017},
	url = {http://www.tagesanzeiger.ch/wissen/natur/Die-Schweiz-ist-besonders-stark-betroffen/story/30341213}
}

@thesis{klima:stocker,
	author = {Stocker, Thomas},
	title = {Einführung in die Klimamodellierung},
	type = {Skript},
	institution = {Universität Bern},
	year = {2008},
	url = {http://climatehomes.unibe.ch/~stocker/papers/stocker08EKM.pdf}
}
