%
% bibliography file
%

@online{standford:ModelGravLens,
  author = {{KIPAC}},
  title = {A model gravitational lens},
  url = {http://kipac-web.stanford.edu/research/gravitational_lensing},
  urldate = {2017-04-18},
}

@online{nasa:einsteinring,
  author = {ESA, Hubble, NASA},
  title = {LRG 3-757, full},
  url = {https://apod.nasa.gov/apod/image/1112/lensshoe_hubble_3235.jpg},
  urldate = {2017-06-27},
}

@online{wiki:einsteinring,
  author = {Wikipedia},
  title = {LRG 3-757, cropped},
  url = {https://commons.wikimedia.org/wiki/File:A_Horseshoe_Einstein_Ring_from_Hubble.JPG},
  urldate = {2017-06-27},
}

@online{wiki:einsteinkreuz,
  author = {Wikipedia},
  title = {Einstein Cross (gravitational lens G2237 + 0305)},
  url = {https://commons.wikimedia.org/wiki/File:Einstein_cross.jpg},
  urldate = {2017-06-27},
}

@online{wiki:abell,
  author = {Wikipedia},
  title = {cluster of galaxies (Abell 2218)},
  url = {https://commons.wikimedia.org/wiki/File:A_Cosmic_Magnifying_Glass_-_Hubble_Space_Telescope_Center_Image_PR00-08.jpg},
  urldate = {2017-06-27},
}

@book{misner1973gravitation,
  title={Gravitation},
  author = {Misner, Charles W and Thorne, Kip S and Wheeler, John Archibald},
  number={Teil 3},
  isbn={9780716703440},
  lccn={78156043},
  series={Gravitation},
  year={1973},
  publisher={W. H. Freeman}
}

@online{nasa:andromedaM31,
  author = {NASA},
  title = {M31: The Andromeda Galaxy},
  url = {https://apod.nasa.gov/apod/ap130626.html},
  urldate = {2017-07-16},
}