
@article{kugel:einstein,
	author = {Albert Einstein},
	title = {Zur Elektrodynamik bewegter KÃ¶rper},
	journal = {Annalen der Physik und Chemie},
	volume = {17},
	pages = {891-921},
	year = 1905,
}

@online{kugel:knuthwegsite,
	author = {Donald Knuth},
	title = {Computers and Typesetting},
	url = {http://www-cs-faculty.stanford.edu/\~{}uno/abcde.html}
}

@online{kugel:zipfel,
	author = {Zipfel, Warren R. and Williams, Rebecca M. and Webb, Watt W.},
	title = {Nonlinear magic: multiphoton microscopy in the biosciences},
	journal = {Nature Biotechnology},
	pages = {1369--1377},
	year = {2003}
	
}


